@book{mitchell2003venus,
author = {Maria Mitchell},
year = {2003},
title = {Maria Mitchell: Life, Letters, and Journals by Maria Mitchell},
publisher = {Project Gutenberg},
url = {https://www.gutenberg.org/ebooks/10202}
}

